@inproceedings{mpii,
	author = {Mykhaylo Andriluka and Leonid Pishchulin and Peter Gehler and Schiele, 	Bernt},
	title = {2D Human Pose Estimation: New Benchmark and State of the Art Analysis},
	booktitle = {IEEE Conference on Computer Vision and Pattern Recognition (CVPR)},
    year = {2014},
   	month = {June}
}

@article{mano,
  title = {Embodied Hands: Modeling and Capturing Hands and Bodies Together},
  author = {Romero, Javier and Tzionas, Dimitrios and Black, Michael J.},
  journal = {ACM Transactions on Graphics, (Proc. SIGGRAPH Asia)},
  volume = {36},
  number = {6},
  pages = {245:1--245:17},
  series = {245:1--245:17},
  publisher = {ACM},
  month = nov,
  year = {2017},
  doi = {10.1145/3130800.3130883},
  url = {http://doi.acm.org/10.1145/3130800.3130883},
  month_numeric = {11}
}

@inproceedings{vip,
  title = {Recovering Accurate {3D} Human Pose in The Wild Using {IMUs} and a Moving Camera},
  author = {von Marcard, Timo and Henschel, Roberto and Black, Michael J. and Rosenhahn, Bodo and Pons-Moll, Gerard},
  booktitle = {European Conference on Computer Vision (ECCV)},
  volume = {Lecture Notes in Computer Science, vol 11214},
  pages = {614--631},
  publisher = {Springer, Cham},
  month = sep,
  year = {2018},
  doi = {https://doi.org/10.1007/978-3-030-01249-6_37},
  month_numeric = {9}
}

@inproceedings{surreal,
  title = {Learning from Synthetic Humans},
  author = {Varol, G{\"u}l and Romero, Javier and Martin, Xavier and Mahmood, Naureen and Black, Michael J. and Laptev, Ivan and Schmid, Cordelia},
  booktitle = {Proceedings IEEE Conference on Computer Vision and Pattern Recognition (CVPR) 2017},
  pages = {4627-4635},
  publisher = {IEEE},
  address = {Piscataway, NJ, USA},
  month = jul,
  year = {2017},
  doi = {},
  month_numeric = {7}
}

@article{dip,
  title = {Deep Inertial Poser: Learning to Reconstruct Human Pose from Sparse Inertial Measurements in Real Time},
  author = {Huang, Yinghao and Kaufmann, Manuel and Aksan, Emre and Black, Michael J. and Hilliges, Otmar and Pons-Moll, Gerard},
  journal = {ACM Transactions on Graphics, (Proc. SIGGRAPH Asia)},
  volume = {37},
  pages = {185:1-185:15},
  publisher = {ACM},
  month = nov,
  year = {2018},
  note = {Two first authors contributed equally},
  doi = {https://doi.org/10.1145/3272127.3275108},
  month_numeric = {11}
}

@inproceedings{ltsh,
  title = {Learning to Train with Synthetic Humans},
  author = {Hoffmann, David T. and Tzionas, Dimitrios and Black, Michael J. and Tang, Siyu},
  booktitle = {German Conference on Pattern Recognition (GCPR)},
  pages = {609--623},
  publisher = {Springer International Publishing},
  month = sep,
  year = {2019},
  doi = {https://doi.org/10.1007/978-3-030-33676-9_43},
  url = {https://ltsh.is.tue.mpg.de},
  month_numeric = {9}
}

@inproceedings{obman,
  title = {Learning Joint Reconstruction of Hands and Manipulated Objects},
  author = {Hasson, Yana and Varol, G{\"u}l and Tzionas, Dimitrios and Kalevatykh, Igor and Black, Michael J. and Laptev, Ivan and Schmid, Cordelia},
  booktitle = {Proceedings IEEE Conf. on Computer Vision and Pattern Recognition (CVPR)},
  pages = {11807--11816},
  month = jun,
  year = {2019},
  doi = {10.1109/CVPR.2019.01208},
  url = {https://www.di.ens.fr/willow/research/obman},
  month_numeric = {6}
}

@inproceedings{cape,
  title = {Learning to Dress {3D} People in Generative Clothing},
  author = {Ma, Qianli and Yang, Jinlong and Ranjan, Anurag and Pujades, Sergi and Pons-Moll, Gerard and Tang, Siyu and Black, Michael J.},
  booktitle = {Computer Vision and Pattern Recognition (CVPR)},
  pages = {6468-6477},
  publisher = {IEEE},
  month = jun,
  year = {2020},
  doi = {10.1109/CVPR42600.2020.00650},
  month_numeric = {6}
}

@inproceedings{prox,
  title = {Resolving {3D} Human Pose Ambiguities with {3D} Scene Constraints},
  author = {Hassan, Mohamed and Choutas, Vasileios and Tzionas, Dimitrios and Black, Michael J.},
  booktitle = {Proceedings International Conference on Computer Vision},
  pages = {2282--2292},
  publisher = {IEEE},
  month = oct,
  year = {2019},
  doi = {10.1109/ICCV.2019.00237},
  url = {https://prox.is.tue.mpg.de},
  month_numeric = {10}
}

@inproceedings{grab,
  title = {GRAB: A Dataset of Whole-Body Human Grasping of Objects},
  author = {Taheri, Omid and Ghorbani, Nima and Black, Michael J. and Tzionas, Dimitrios},
  booktitle = {Computer Vision -- ECCV 2020},
  volume = {LNCS 12355},
  pages = {581--600},
  publisher = {Springer International Publishing},
  address = {Cham},
  month = aug,
  year = {2020},
  doi = {10.1007/978-3-030-58548-8_34},
  url = {https://grab.is.tue.mpg.de},
  month_numeric = {8}
}

@conference{amass,
  title = {{AMASS}: Archive of Motion Capture as Surface Shapes},
  author = {Mahmood, Naureen and Ghorbani, Nima and Troje, Nikolaus F. and Pons-Moll, Gerard and Black, Michael J.},
  booktitle = {Proceedings International Conference on Computer Vision},
  pages = {5442--5451},
  publisher = {IEEE},
  month = oct,
  year = {2019},
  doi = {10.1109/ICCV.2019.00554},
  month_numeric = {10}
}

@inproceedings{resynth,
  title = {The Power of Points for Modeling Humans in Clothing},
  author = {Ma, Qianli and Yang, Jinlong and Tang, Siyu and Black, Michael J.},
  booktitle = {Proc. International Conference on Computer Vision (ICCV)},
  pages = {10974--10984},
  month = oct,
  year = {2021},
  doi = {},
  month_numeric = {10}
}

@inproceedings{tuch,
  title = {On Self-Contact and Human Pose},
  author = {M{\"u}ller, Lea and Osman, Ahmed A. A. and Tang, Siyu and Huang, Chun-Hao P. and Black, Michael J.},
  booktitle = {IEEE/CVF Conf.~on Computer Vision and Pattern Recognition (CVPR)},
  pages = {9990-9999},
  month = jun,
  year = {2021},
  doi = {},
  month_numeric = {6}
}

@misc{coco,
  doi = {10.48550/ARXIV.1405.0312},
  url = {https://arxiv.org/abs/1405.0312},
  author = {Lin, Tsung-Yi and Maire, Michael and Belongie, Serge and Bourdev, Lubomir and Girshick, Ross and Hays, James and Perona, Pietro and Ramanan, Deva and Zitnick, C. Lawrence and Doll√°r, Piotr},
  keywords = {Computer Vision and Pattern Recognition (cs.CV), FOS: Computer and information sciences, FOS: Computer and information sciences},
  title = {Microsoft COCO: Common Objects in Context},
  publisher = {arXiv},
  year = {2014},
  copyright = {arXiv.org perpetual, non-exclusive license}
}