@article{pcp,
  title={2d articulated human pose estimation and retrieval in (almost) unconstrained still images},
  author={Eichner, Marcin and Marin-Jimenez, Manuel and Zisserman, Andrew and Ferrari, Vittorio},
  journal={International journal of computer vision},
  volume={99},
  number={2},
  pages={190--214},
  year={2012},
  publisher={Springer}
}

@InProceedings{pdj,
author = {Toshev, Alexander and Szegedy, Christian},
title = {DeepPose: Human Pose Estimation via Deep Neural Networks},
booktitle = {Proceedings of the IEEE Conference on Computer Vision and Pattern Recognition (CVPR)},
month = {June},
year = {2014}
}

@ARTICLE{pck,
  author={Yang, Yi and Ramanan, Deva},
  journal={IEEE Transactions on Pattern Analysis and Machine Intelligence}, 
  title={Articulated Human Detection with Flexible Mixtures of Parts}, 
  year={2013},
  volume={35},
  number={12},
  pages={2878-2890},
  doi={10.1109/TPAMI.2012.261}
 }